@article{history,
author = {Charles A. Weibel},
title = {The Development of algebraic K-theory before 1980},
journaltitle = {Contemporary Mathematics},
year = {1999},
number = {243}
}

@book{algebraic-ktheory,
author = {Charles A. Weibel},
title = {The K-book: an introduction to algebraic K-theory},
year = {2013},
volume = {145},
series = {Graduate Studies in Mathematics},
publisher = {AMS}
}

@book{hatcher,
author = {Allen Hatcher},
title = {Vector Bundles and K-Theory},
year = {2009}
}

@article{grothendieck1957,
ajournal = "Tohoku Math. J. (2)",
author = "Grothendieck, Alexander",
journal = "Tohoku Mathematical Journal",
number = "2",
pages = "119--221",
publisher = "Tohoku University, Mathematical Institute",
title = "Sur quelques points d'algèbre homologique, I",
volume = "9",
year = "1957"
}

@article{abelian-imbedding,
     title = {The Full Imbedding Theorem},
     author = {Mitchell, Barry},
     journal = {American Journal of Mathematics},
     volume = {86},
     number = {3},
     pages = {pp. 619-637},
     ISSN = {00029327},
     language = {English},
     year = {1964},
     publisher = {The Johns Hopkins University Press},
     copyright = {Copyright © 1964 The Johns Hopkins University Press},
}
@online{nlab-waldhausen,
author = {nLab},
title = {Waldhausen category},
year = {2014},
url = {http://ncatlab.org/nlab/show/Waldhausen+category},
}

@incollection{waldhausen1985algebraic,
  title={Algebraic K-theory of spaces},
  author={Waldhausen, Friedhelm},
  booktitle={Algebraic and geometric topology},
  pages={318--419},
  year={1985},
  publisher={Springer}
}

@article{boyarchenko2006k,
  title={K-theory of a Waldhausen category as a symmetric spectrum},
  author={Boyarchenko, Mitya},
  year={2006}
}