@article{menon1962difference,
  title={On difference sets whose parameters satisfy a certain relation},
  author={Menon, P Kesava},
  journal={Proceedings of the American Mathematical Society},
  volume={13},
  number={5},
  pages={739--745},
  year={1962},
}

@article{menon1960,
     title = {Difference Sets in Abelian Groups},
     author = {Menon, P. Kesava},
     journal = {Proceedings of the American Mathematical Society},
     volume = {11},
     number = {3},
     pages = {pp. 368-376},
     year = {1960},
     publisher = {American Mathematical Society},
}

@article{hall1956survey,
  title={A survey of difference sets},
  author={Hall, Marshall},
  journal={Proceedings of the American Mathematical Society},
  volume={7},
  number={6},
  pages={975--986},
  year={1956},
  publisher={JSTOR}
}

@book{colbourn1996crc,
  title={CRC handbook of combinatorial designs},
  author={Colbourn, Charles J},
  year={1996},
  publisher={CRC press}
}

@article{davis1996survey,
  title={A survey of Hadamard difference sets},
  author={Davis, James A and Jedwab, Jonathan},
  year={1996}
}

@article{bruck1949nonexistence,
  title={The nonexistence of certain finite projective planes},
  author={Bruck, Richard H and Ryser, Herbert J},
  journal={Canad. J. Math},
  volume={1},
  number={191},
  pages={9},
  year={1949}
}