@article{paulsen,
author = {Vern Paulsen},
title = {An Introduction to the Theory of Topological Groups and Their Representations},
year = {2011},
url = {http://math.uh.edu/~vern/grouprepn.pdf}
}

@article{moller,
author={Sven M{\"o}ller},
title={Stone's Theorem and Applications},
year={2010},
url={http://www3.mathematik.tu-darmstadt.de/fileadmin/home/users/340/bachelor_mathe.pdf},
}

@online{nlab-pontryagin,
author = {nLab},
title = {Pontrjagin dual},
year = {2013},
url = {http://ncatlab.org/nlab/show/Pontrjagin+dual}
}

@online{streng,
author = {Marco Streng},
title = {Pontryagin Duality and Kummer Theory},
year = {2005},
url = {http://pub.math.leidenuniv.nl/~strengtc/kummer.ps}
}
